<record><leader>00000cas a22000007a 4500</leader><controlfield tag="001">1642626</controlfield><controlfield tag="008">750921c19009999mnuwr ne      0   a0eng d</controlfield><datafield ind1=" " ind2=" " tag="010"><subfield code="a">sn 89064211 </subfield></datafield><datafield ind1=" " ind2=" " tag="040"><subfield code="a">MUL</subfield><subfield code="b">eng</subfield><subfield code="c">MUL</subfield><subfield code="d">MN#</subfield><subfield code="d">OCLCQ</subfield><subfield code="d">OCLCF</subfield><subfield code="d">OCLCO</subfield><subfield code="d">HUL</subfield><subfield code="d">DLC</subfield><subfield code="d">HUL</subfield></datafield><datafield ind1="0" ind2=" " tag="022"><subfield code="a">2470-8704</subfield><subfield code="l">2470-8690</subfield><subfield code="2">1</subfield></datafield><datafield ind1=" " ind2=" " tag="042"><subfield code="a">msc</subfield><subfield code="a">nsdp</subfield></datafield><datafield ind1=" " ind2=" " tag="043"><subfield code="a">n-us-mn</subfield></datafield><datafield ind1="1" ind2="0" tag="050"><subfield code="a">ISSN RECORD</subfield></datafield><datafield ind1=" " ind2=" " tag="052"><subfield code="a">4144</subfield><subfield code="b">I9</subfield></datafield><datafield ind1=" " ind2=" " tag="052"><subfield code="a">4143</subfield><subfield code="b">L6</subfield></datafield><datafield ind1="1" ind2="0" tag="082"><subfield code="a">071</subfield><subfield code="2">23</subfield></datafield><datafield ind1="0" ind2=" " tag="130"><subfield code="a">Ivanhoe times (Ivanhoe, Minn. : Print)</subfield></datafield><datafield ind1=" " ind2="4" tag="222"><subfield code="a">The Ivanhoe times</subfield><subfield code="b">(Ivanhoe, Minn. Print)</subfield></datafield><datafield ind1="1" ind2="4" tag="245"><subfield code="a">The Ivanhoe times.</subfield></datafield><datafield ind1=" " ind2="1" tag="264"><subfield code="a">Ivanhoe, Minn. :</subfield><subfield code="b">W.N. Johnson</subfield></datafield><datafield ind1=" " ind2=" " tag="300"><subfield code="a">v.</subfield></datafield><datafield ind1=" " ind2=" " tag="310"><subfield code="a">Weekly</subfield></datafield><datafield ind1="1" ind2=" " tag="362"><subfield code="a">Began in Aug. 1900.</subfield></datafield><datafield ind1=" " ind2=" " tag="530"><subfield code="a">Available on microfilm from the Minnesota Historical Society.</subfield></datafield><datafield ind1=" " ind2=" " tag="588"><subfield code="a">Description based on: Vol. 23, no. 47 (June 1, 1923); title from caption.</subfield></datafield><datafield ind1=" " ind2="0" tag="651"><subfield code="a">Ivanhoe (Minn.)</subfield><subfield code="v">Newspapers.</subfield></datafield><datafield ind1=" " ind2="7" tag="651"><subfield code="a">Minnesota</subfield><subfield code="z">Ivanhoe.</subfield><subfield code="2">fast</subfield><subfield code="0">(OCoLC)fst01254553</subfield></datafield><datafield ind1=" " ind2="7" tag="655"><subfield code="a">Newspapers.</subfield><subfield code="2">fast</subfield><subfield code="0">(OCoLC)fst01423814</subfield></datafield><datafield ind1=" " ind2=" " tag="752"><subfield code="a">United States</subfield><subfield code="b">Minnesota</subfield><subfield code="c">Lincoln</subfield><subfield code="d">Ivanhoe.</subfield></datafield><datafield ind1="0" ind2="8" tag="776"><subfield code="i">Online version:</subfield><subfield code="t">Ivanhoe times (Ivanhoe, Minn. : Online)</subfield><subfield code="x">2470-8690</subfield><subfield code="w">(DLC)  2015235010</subfield><subfield code="w">(OCoLC)321544775</subfield></datafield><datafield ind1="1" ind2=" " tag="029"><subfield code="a">AU@</subfield><subfield code="b">000025855576</subfield></datafield></record>